@article{abbe2018estimation,
  title={Estimation in the group action channel},
  author={Abbe, Emmanuel and Pereira, Jo{\~a}o M and Singer, Amit},
  journal={arXiv preprint arXiv:1801.04366},
  year={2018}
}

@article{bandeira2017estimation,
	title={Estimation under group actions: recovering orbits from invariants},
	author={Bandeira, Afonso S and Blum-Smith, Ben and Kileel, Joe and Perry, Amelia and Weed, Jonathan and Wein, Alexander S},
	journal={arXiv preprint arXiv:1712.10163},
	year={2017}
}

@inproceedings{boumal2018heterogeneous,
	title={Heterogeneous multireference alignment: A single pass approach},
	author={Boumal, Nicolas and Bendory, Tamir and Lederman, Roy R and Singer, Amit},
	booktitle={Information Sciences and Systems (CISS), 2018 52nd Annual Conference on},
	pages={1--6},
	year={2018},
	organization={IEEE}
}

@article{perry2017sample,
	title={The sample complexity of multi-reference alignment},
	author={Perry, Amelia and Weed, Jonathan and Bandeira, Afonso and Rigollet, Philippe and Singer, Amit},
	journal={arXiv preprint arXiv:1707.00943},
	year={2017}
}

